





@article{doi:10.1063/1.2117822,
author = {Kennefick,Daniel },
title = {Einstein Versus the Physical Review},
journal = {Physics Today},
volume = {58},
number = {9},
pages = {43-48},
year = {2005},
doi = {10.1063/1.2117822},

URL = { 
        https://doi.org/10.1063/1.2117822
    
},
eprint = { 
        https://doi.org/10.1063/1.2117822
    
}
,
    abstract = { A great scientist can benefit from peer review, even while refusing to have anything to do with it. }
}


