@article{EINSTEIN193743,
title = "On gravitational waves",
journal = "Journal of the Franklin Institute",
volume = "223",
number = "1",
pages = "43 - 54",
year = "1937",
issn = "0016-0032",
doi = "https://doi.org/10.1016/S0016-0032(37)90583-0",
url = "http://www.sciencedirect.com/science/article/pii/S0016003237905830",
author = "A. Einstein and N. Rosen"
}